@misc{template,
    author = {{NeurIPS}},
    title = {Formating Instructions for NeurIPS 2019},
    year = {2019},
    howpublished={Online},
    url = {https://nips.cc/Conferences/2016/PaperInformation/StyleFiles},
    notes = {[Accessed: 04/23/2020]}
}

Sources:
Keras: https://keras.io/
Time-series Notebook: https://www.kaggle.com/jagangupta/time-series-basics-exploring-traditional-ts
Xgboost Notebook: https://www.kaggle.com/dlarionov/feature-engineering-xgboost
Ensemble Idea: https://www.kaggle.com/lonewolf45/coursera-final-project


Links: (copied from Google Doc Report we have)
Discussion on time series vs. xgboost: https://www.kaggle.com/c/competitive-data-science-predict-future-sales/discussion/125166
Time Series Notebook: https://www.kaggle.com/jagangupta/time-series-basics-exploring-traditional-ts
Xgboost Notebook: https://www.kaggle.com/dlarionov/feature-engineering-xgboost
Beginner notebook: https://www.kaggle.com/minhtriet/a-beginner-guide-for-sale-data-prediction
Coursera course for this project: https://www.coursera.org/learn/competitive-data-science#reviews
Notebook on processing the data: https://www.kaggle.com/kyakovlev/1st-place-solution-part-1-hands-on-data
Notebook analyzing the data: https://www.kaggle.com/bhaveshthaker/data-preparation-exploratory-analysis-and-modeling 


# EXAMPLES I FOUND ONLINE ON TEMPLATES
@article{einstein,
    author =       "Albert Einstein",
    title =        "{Zur Elektrodynamik bewegter K{\"o}rper}. ({German})
        [{On} the electrodynamics of moving bodies]",
    journal =      "Annalen der Physik",
    volume =       "322",
    number =       "10",
    pages =        "891--921",
    year =         "1905",
    DOI =          "http://dx.doi.org/10.1002/andp.19053221004"
}

@book{latexcompanion,
    author    = "Michel Goossens and Frank Mittelbach and Alexander Samarin",
    title     = "The \LaTeX\ Companion",
    year      = "1993",
    publisher = "Addison-Wesley",
    address   = "Reading, Massachusetts"
}

@misc{knuthwebsite,
    author    = "Donald Knuth",
    title     = "Knuth: Computers and Typesetting",
    url       = "http://www-cs-faculty.stanford.edu/\~{}uno/abcde.html"
}
